@article{bhatele2015,
  title={Evaluating System Parameters on a Dragonfly using Simulation and Visualization},
  author={Bhatele, Abhinav and Jain, Nikhil and Livnat, Yarden and Pascucci, Valerio and Bremer, Peer-Timo},
  year={2015}
}

@inproceedings{jain-sc14,
 author = {Jain, Nikhil and Bhatele, Abhinav and Ni, Xiang and Wright, Nicholas J. and Kale, Laxmikant V.},
 title = {Maximizing Throughput on a Dragonfly Network},
 booktitle = {Proceedings of the International Conference for High Performance Computing, Networking, Storage and Analysis},
 series = {SC '14},
 year = {2014},
 isbn = {978-1-4799-5500-8},
 location = {New Orleans, Louisana},
 pages = {336--347},
 numpages = {12},
 url = {http://dx.doi.org/10.1109/SC.2014.33},
 doi = {10.1109/SC.2014.33},
 acmid = {2683631},
 publisher = {IEEE Press},
 address = {Piscataway, NJ, USA},
 keywords = {dragonfly networks, job placement, modeling, prediction, routing},
} 


@INPROCEEDINGS{bhatele-sc11, 
author={A. Bhatele and W. D. Gropp and N. Jain and L. V. Kale}, 
booktitle={High Performance Computing, Networking, Storage and Analysis (SC), 2011 International Conference for}, 
title={Avoiding hot-spots on two-level direct networks}, 
year={2011}, 
pages={1-11}, 
keywords={telecommunication network routing;telecommunication network topology;DARPA exascale hardware;PERCS topology;communication graph;dragonfly network;indirect routing;intelligent topology aware mapping;interconnection network;job scheduling;scalable design;two-level direct network;two-level direct topology;Arrays;Bandwidth;Computational modeling;Network topology;Predictive models;Routing;Topology;communication;dragonfly network;exascale;mapping;performance}, 
doi={10.1145/2063384.2063486}, 
month={Nov},}

@INPROCEEDINGS{dally-dragonfly, 
author={J. Kim and W. Dally and S. Scott and D. Abts}, 
booktitle={Computer Architecture, 2008. ISCA '08. 35th International Symposium on}, 
title={Technology-Driven, Highly-Scalable Dragonfly Topology}, 
year={2008}, 
pages={77-88}, 
keywords={multiprocessor interconnection networks;network routing;network topology;adaptive routing decision;credit round-trip latency;flattened butterfly;folded Clos network;global adaptive routing;high-radix routers;highly-scalable dragonfly topology;interconnection networks;load-balanced routing;pin-bandwidth;selective virtual-channel discrimination;signal channel congestion;technology-driven dragonfly topology;virtual router;Bandwidth;Cables;Computer architecture;Costs;Delay;Multiprocessor interconnection networks;Network topology;Optical network units;Optical sensors;Routing;dragonfly;interconnection networks;topology}, 
doi={10.1109/ISCA.2008.19}, 
ISSN={1063-6897}, 
month={June},}

@inproceedings{brandt2014,
  title={Demonstrating improved application performance using dynamic monitoring and task mapping},
  author={Brandt, Jim and Devine, K and Gentile, Ann and Pedretti, K},
  booktitle={Cluster Computing (CLUSTER), 2014 IEEE International Conference on},
  pages={408--415},
  year={2014},
  organization={IEEE}
}

@INPROCEEDINGS{dskinner, 
author={D. Skinner and W. Kramer}, 
booktitle={Workload Characterization Symposium, 2005. Proceedings of the IEEE International}, 
title={Understanding the causes of performance variability in HPC workloads}, 
year={2005}, 
pages={137-149}, 
keywords={parallel architectures;performance evaluation;high performance computing;multiuser production computing;performance variability;Application software;Benchmark testing;Computer architecture;Concurrent computing;Large-scale systems;Processor scheduling;Production;Runtime;Scientific computing;Timing}, 
doi={10.1109/IISWC.2005.1526010}, 
month={Oct},}


@conference {codes,
title = {CODES: Enabling Co-Design of Multi-Layer Exascale Storage Architectures},
booktitle = {Workshop on Emerging Supercomputing Technologies 2011 (WEST 2011) },
year = {2011},
address = {Tuscon, AZ },
author = {J. Cope and N. Liu and Samuel Lang and C. D. Carothers and Robert B. Ross}
}

@inproceedings{ross,
 author = {Barnes,Jr., Peter D. and Carothers, Christopher D. and Jefferson, David R. and LaPre, Justin M.},
 title = {Warp Speed: Executing Time Warp on 1,966,080 Cores},
 booktitle = {Proceedings of the 1st ACM SIGSIM Conference on Principles of Advanced Discrete Simulation},
 series = {SIGSIM PADS '13},
 year = {2013},
 isbn = {978-1-4503-1920-1},
 location = {Montr\&\#169;al, Qu\&\#233;bec, Canada},
 pages = {327--336},
 numpages = {10},
 url = {http://doi.acm.org/10.1145/2486092.2486134},
 doi = {10.1145/2486092.2486134},
 acmid = {2486134},
 publisher = {ACM},
 address = {New York, NY, USA},
 keywords = {blue gene/q, parallel discrete-event simulation, time warp},
}


@INPROCEEDINGS{codes-dragonfly, 
author={Mubarak, M. and Carothers, C.D. and Ross, R. and Carns, P.}, 
booktitle={High Performance Computing, Networking, Storage and Analysis (SCC), 2012 SC Companion:}, 
title={Modeling a Million-Node Dragonfly Network Using Massively Parallel Discrete-Event Simulation}, 
year={2012}, 
pages={366-376}, 
doi={10.1109/SC.Companion.2012.56}, 
month={Nov},}

@inproceedings{codes-torus,
 author = {Mubarak, Misbah and Carothers, Christopher D. and Ross, Robert B. and Carns, Philip},
 title = {A Case Study in Using Massively Parallel Simulation for Extreme-scale Torus Network Codesign},
 booktitle = {Proceedings of the 2Nd ACM SIGSIM Conference on Principles of Advanced Discrete Simulation},
 series = {SIGSIM PADS '14},
 year = {2014},
 isbn = {978-1-4503-2794-7},
 location = {Denver, Colorado, USA},
 pages = {27--38},
 numpages = {12},
 url = {http://doi.acm.org/10.1145/2601381.2601383},
 doi = {10.1145/2601381.2601383},
 acmid = {2601383},
 publisher = {ACM},
 address = {New York, NY, USA},
 keywords = {exascale systems, high-performance computing, massively parallel architectures, parallel discrete-event simulation, torus networks},
} 

@misc{sst,
    author={SNL},
    title = {{SST} {DUMPI} trace library},
    note = {Available online \url{http://sst.sandia.gov/using dumpi.html}},
    year = {Accessed October 14, 2015}
}


=========================================================================

@article{tau,
 author = {Shende, Sameer S. and Malony, Allen D.},
 title = {The Tau Parallel Performance System},
 journal = {Int. J. High Perform. Comput. Appl.},
 issue_date = {May       2006},
 volume = {20},
 number = {2},
 month = may,
 year = {2006},
 issn = {1094-3420},
 pages = {287--311},
 numpages = {25},
 url = {http://dx.doi.org/10.1177/1094342006064482},
 doi = {10.1177/1094342006064482},
 acmid = {1125982},
 publisher = {Sage Publications, Inc.},
 address = {Thousand Oaks, CA, USA},
 keywords = {Performance evaluation, TAU, analysis, instrumentation, measurement},
} 

@inproceedings{scala,
 author = {Wu, Xing and Mueller, Frank and Pakin, Scott},
 title = {Automatic Generation of Executable Communication Specifications from Parallel Applications},
 booktitle = {Proceedings of the International Conference on Supercomputing},
 series = {ICS '11},
 year = {2011},
 isbn = {978-1-4503-0102-2},
 location = {Tucson, Arizona, USA},
 pages = {12--21},
 numpages = {10},
 url = {http://doi.acm.org/10.1145/1995896.1995901},
 doi = {10.1145/1995896.1995901},
 acmid = {1995901},
 publisher = {ACM},
 address = {New York, NY, USA},
 keywords = {application-specific benchmark generation, communication, conceptual, domain-specific languages, performance, scalatrace, trace compression},
} 



@misc{mpip,
    author = {Michael, McCracken and Curt, Janssen and Mike, Campbell and Jim, Brandt and Philip, Roth and Tushar, Mohan},
    title = {{mpiP}: {Lightweight}, {Scalable} {MPI} Profiling},
    note = {Available online at \url{http://mpip.sourceforge.net}},
    year = {Accessed October 14, 2015}
}

@misc{designforwardwebpage,
    author = {DOE},
    title = {{Design Forward - Exascale Initiative}},
    note = {Available online \url{http://portal.nersc.gov/project/CAL/trace.htm}},
    year = {Accessed October 14, 2015}
}

@article{partisn,
  title={{PARTISN}: A time-dependent, parallel neutral particle transport code system},
  author={Alcouffe, Ray E and Baker, Randal S and Dahl, Jon A and Turner, Scott A and Ward, Robert},
  journal={Los Alamos National Laboratory, LA-UR-05-3925 (May 2005)},
  year={2005}
}

@misc{coral,
    author = {CORAL},
    title = {Collaboration Benchmark Codes},
    note = {Available online \url{https://asc.llnl.gov/CORAL-benchmarks}},
    year = {Accessed October 14, 2015}
}

@misc{snap,
    author = {Joe, Zerr and Randal, Baker},
    title = {{SNAP}: {SN (Discrete Ordinates) Application Proxy}},
    note = {Available online \url{https://github.com/losalamos/SNAP}},
    year = {Accessed October 14, 2015}
}


@misc{ipm,
    author = {David, Skinner and Nicholas, Wright and Karl, Fuerlinger and Kathy, Yelick},
    title = {{Integrated Performance Montoring}({IPM})},
    note = {Available online \url{http://ipm-hpc.sourceforge.net/overview.html}},
    year = {Accessed October 14, 2015}
}

@misc{titan,
    author = {ORNL},
    title = {Titan System Overview},
    note = {Available online \url{https://www.olcf.ornl.gov/kbarticles/titan-system-overview}},
    year = {Accessed October 14, 2015}
}




@misc{top500,
    author = {TOP},
    title = {Top500 supercomputing web site},
    note = {Available online \url{http://www.top500.org}},
    year = {Accessed October 14, 2015}
}


@inproceedings{miniapp,
  title={Using a Developing MiniApp to Compare Platform Characteristics on Cray Systems},
  author={Messer, Bronson},
  booktitle = {Proceedings of Cray User Group},
  year = {2012},
}

@inproceedings{RF,
  title={Improving task placement for applications with 2D, 3D, and 4D virtual Cartesian topologies on 3D torus networks with service nodes},
  author={Fiedler, Robert and Stephen, Whalen},
  booktitle = {Proceedings of Cray User Group},
  year = {2013},
}

@article{amg,
title = "BoomerAMG: A parallel algebraic multigrid solver and preconditioner ",
journal = "Applied Numerical Mathematics ",
volume = "41",
number = "1",
pages = "155 - 177",
year = "2002",
note = "Developments and Trends in Iterative Methods for Large Systems of Equations - in memorium Rudiger Weiss ",
issn = "0168-9274",
doi = "http://dx.doi.org/10.1016/S0168-9274(01)00115-5",
url = "http://www.sciencedirect.com/science/article/pii/S0168927401001155",
author = "Van Emden Henson and Ulrike Meier Yang",
}

@article{crystalrouter,
  author={P Fischer and J Lottes and D Pointer and A Siegel},
  title={Petascale algorithms for reactor hydrodynamics},
  journal={Journal of Physics: Conference Series},
  volume={125},
  number={1},
  pages={012076},
  url={http://stacks.iop.org/1742-6596/125/i=1/a=012076},
  year={2008},
}

@misc{nek5000,
    author = {Fischer, Paul and Obabko, Aleksandr and Merzari, Elia and Marin, Oana},
    title = {Nek5000: Computational Fluid Dynamics Code},
    note = {Available online \url{http://nek5000.mcs.anl.gov}},
    year = {Accessed October 14, 2015}
}

@techreport{boxlib,
  title={BoxLib user’s guide},
  author={Bell, J and Almgren, A and Beckner, V and Day, M and Lijewski, M and Nonaka, A and Zhang, W},
  year={2012},
  institution={Technical Report, CCSE, Lawrence Berkeley National Laboratory. Available at: https://ccse. lbl. gov/BoxLib/BoxLibUsersGuide. pdf}
}

@article{rosenthal,
  title={Characterizing Application Sensitivity to Network Performance},
  author={Rosenthal, Eli and Le{\'o}n, Edgar A},
  booktitle ={Proceedings of SC14: International Conference for High Performance Computing, Networking, Storage and Analysis},
}

@INPROCEEDINGS{hoefler-modeling, 
author={Hoefler, T. and Gropp, W. and Kramer, W. and Snir, M.}, 
booktitle={High Performance Computing, Networking, Storage and Analysis (SC), 2011 International Conference for}, 
title={Performance modeling for systematic performance tuning}, 
year={2011}, 
pages={1-12}, 
month={Nov},}



@inproceedings{abhinav-sc13,
 author = {Bhatele, Abhinav and Mohror, Kathryn and Langer, Steven H. and Isaacs, Katherine E.},
 title = {There Goes the Neighborhood: Performance Degradation Due to Nearby Jobs},
 booktitle = {Proceedings of the International Conference on High Performance Computing, Networking, Storage and Analysis},
 series = {SC '13},
 year = {2013},
 isbn = {978-1-4503-2378-9},
 location = {Denver, Colorado},
 pages = {41:1--41:12},
 articleno = {41},
 numpages = {12},
 url = {http://doi.acm.org/10.1145/2503210.2503247},
 doi = {10.1145/2503210.2503247},
 acmid = {2503247},
 publisher = {ACM},
 address = {New York, NY, USA},
 keywords = {communication performance, interference, resource management, system noise, torus networks},
} 

@INPROCEEDINGS{jose-ipdps15, 
author={Jokanovic, A. and Sancho, J.C. and Rodriguez, G. and Lucero, A. and Minkenberg, C. and Labarta, J.}, 
booktitle={Parallel and Distributed Processing Symposium (IPDPS), 2015 IEEE International}, 
title={Quiet Neighborhoods: Key to Protect Job Performance Predictability}, 
year={2015}, 
pages={449-459}, 
doi={10.1109/IPDPS.2015.87}, 
ISSN={1530-2075}, 
month={May},}

@inproceedings{hoefler-hpdc14,
 author = {Prisacari, Bogdan and Rodriguez, German and Heidelberger, Philip and Chen, Dong and Minkenberg, Cyriel and Hoefler, Torsten},
 title = {Efficient Task Placement and Routing of Nearest Neighbor Exchanges in Dragonfly Networks},
 booktitle = {Proceedings of the 23rd International Symposium on High-performance Parallel and Distributed Computing},
 series = {HPDC '14},
 year = {2014},
 isbn = {978-1-4503-2749-7},
 location = {Vancouver, BC, Canada},
 pages = {129--140},
 numpages = {12},
 url = {http://doi.acm.org/10.1145/2600212.2600225},
 doi = {10.1145/2600212.2600225},
 acmid = {2600225},
 publisher = {ACM},
 address = {New York, NY, USA},
 keywords = {cartesian and random task placement, direct and indirect routing, dragonfly networks, nearest neighbor exchanges, stencil computation},
}

@INPROCEEDINGS{zhou-ipdps15, 
author={Zhou Zhou and Xu Yang and Zhiling Lan and Rich, P. and Wei Tang and Morozov, V. and Desai, N.}, 
booktitle={Parallel and Distributed Processing Symposium (IPDPS), 2015 IEEE International}, 
title={Improving Batch Scheduling on Blue Gene/Q by Relaxing 5D Torus Network Allocation Constraints}, 
year={2015}, 
pages={439-448}, 
doi={10.1109/IPDPS.2015.110}, 
ISSN={1530-2075}, 
month={May},}

@INPROCEEDINGS{yang-cluster14, 
author={Xu Yang and Zhou Zhou and Wei Tang and Xingwu Zheng and Jia Wang and Zhiling Lan}, 
booktitle={Cluster Computing (CLUSTER), 2014 IEEE International Conference on}, 
title={Balancing job performance with system performance via locality-aware scheduling on torus-connected systems}, 
year={2014}, 
pages={140-148},  
doi={10.1109/CLUSTER.2014.6968751}, 
month={Sept},}





